<record><leader>00000cas a22000007a 4500</leader><controlfield tag="001">17689729</controlfield><controlfield tag="008">880328d18uu18uumsuwr ne      0    0eng d</controlfield><datafield ind1=" " ind2=" " tag="010"><subfield code="a">sn 88067083 </subfield></datafield><datafield ind1=" " ind2=" " tag="040"><subfield code="a">MSJ</subfield><subfield code="b">eng</subfield><subfield code="c">MSJ</subfield><subfield code="d">OCLCQ</subfield></datafield><datafield ind1=" " ind2=" " tag="042"><subfield code="a">msc</subfield></datafield><datafield ind1="0" ind2=" " tag="130"><subfield code="a">New South (Grenada, Miss.)</subfield></datafield><datafield ind1="1" ind2="4" tag="245"><subfield code="a">The New South.</subfield></datafield><datafield ind1=" " ind2=" " tag="260"><subfield code="a">Grenada, Miss. :</subfield><subfield code="b">D.D. Moore</subfield></datafield><datafield ind1=" " ind2=" " tag="310"><subfield code="a">Weekly</subfield></datafield><datafield ind1=" " ind2=" " tag="588"><subfield code="a">Description based on: Vol. 3, no. 9 (Nov. 4, 1880).</subfield></datafield><datafield ind1=" " ind2=" " tag="752"><subfield code="a">United States</subfield><subfield code="b">Mississippi</subfield><subfield code="c">Grenada</subfield><subfield code="d">Grenada.</subfield></datafield></record>